@article{planBEST,
 author = {S. VDD},
 title = {Le plan BeST fait un tabac chez Belgacom},
 journal = {La Libre Belgique},
 year = {2002},
 OPTkey = {},
 OPTvolume = {},
 OPTnumber = {},
 OPTpages = {},
 OPTmonth = {},
 OPTnote = {},
 OPTannote = {},
 OPTurl = {},
 OPTurldate = {},
 OPTlastchecked = {},
 OPTdoi = {},
 OPTisbn = {},
 OPTissn = {},
 OPTlocalfile = {},
 OPTabstract = {},
 OPTkeywords = {},
}
